@MastersThesis{Urrutia:Thesis:2014,
    author     =     {Javier Felipe {Urrutia Jarpa}},
    title     =     {{Modelo PAP que considera pol\'itica de control de m\'axima demanda el\'ectrica en la producci\'on de empresas manufactureras}},
    school     =     {Universidad de Concepci\'on, Facultad de Ingenier\'ia, Departamento de Ingenier\'ia Industrial},
    address     =     {Chile},
    year     =     {2014},
    }

@article{dauzere1997lot,
  title={Lot streaming in job-shop scheduling},
  author={Dauzere-Peres, Stephane and Lasserre, Jean-Bernard},
  journal={Operations Research},
  volume={45},
  number={4},
  pages={584--595},
  year={1997}}

@article{Yalaoui2003,
  title={An efficient heuristic approach for parallel machine scheduling with job splitting and sequence-dependent setup times},
  author={Farouk Yalaoui and Chegbin Chu},
  journal={IIE Transactions},
  volume={35},
  number={2},
  pages={183--190},
  year={2003}}

@article{tahar2006linear,
  title={A linear programming approach for identical parallel machine scheduling with job splitting and sequence-dependent setup times},
  author={Tahar, Djamel Nait and Yalaoui, Farouk and Chu, Chengbin and Amodeo, Lionel},
  journal={International Journal of Production Economics},
  volume={99},
  number={1},
  pages={63--73},
  year={2006}
}

@article{xing2000parallel,
  title={Parallel machine scheduling with splitting jobs},
  author={Xing, Wenxun and Zhang, Jiawei},
  journal={Discrete Applied Mathematics},
  volume={103},
  number={1},
  pages={259--269},
  year={2000}
}

@article{serafini1996scheduling,
  title={Scheduling jobs on several machines with the job splitting property},
  author={Serafini, Paolo},
  journal={Operations Research},
  volume={44},
  number={4},
  pages={617--628},
  year={1996}
  }
  
  @article{beraldi2008rolling,
  title={Rolling-horizon and fix-and-relax heuristics for the parallel machine lot-sizing and scheduling problem with sequence-dependent set-up costs},
  author={Beraldi, Patrizia and Ghiani, Gianpaolo and Grieco, Antonio and Guerriero, Emanuela},
  journal={Computers \& Operations Research},
  volume={35},
  number={11},
  pages={3644--3656},
  year={2008}
}
@article{xiao2013mip,
  title={MIP-based fix-and-optimise algorithms for the parallel machine capacitated lot-sizing and scheduling problem},
  author={Xiao, Jing and Zhang, Canrong and Zheng, Li and Gupta, Jatinder ND},
  journal={International Journal of Production Research},
  volume={51},
  number={16},
  pages={5011--5028},
  year={2013}
}

@article{james2011single,
  title={Single and parallel machine capacitated lotsizing and scheduling: New iterative MIP-based neighborhood search heuristics},
  author={James, Ross JW and Almada-Lobo, Bernardo},
  journal={Computers \& Operations Research},
  volume={38},
  number={12},
  pages={1816--1825},
  year={2011}
}

@article{Hazir2014,
  title={Batch Sizing and Just-In-Time Scheduling with Common Due Date},
  author={Oncu Hazir and Safia Kedad-Sidhoum},
  journal={Annals of Operations Research},
  volume={213},
  number={1},
  pages={187--202},
  year={2014}
  }

@article{chang2005comprehensive,
  title={A comprehensive review of lot streaming},
  author={Chang*, Jen Huei and Chiu, Huan Neng},
  journal={International Journal of Production Research},
  volume={43},
  number={8},
  pages={1515--1536},
  year={2005}
  }

@inproceedings{german2015,
title={Energy Optimization in a Manufacturing Plant},
author={Grigori German and Chlo\'e Desdouits and Claude {Le Pape}},
booktitle={ROADEF 2015},
address={Marseille},
year={2015}
}

@article{absi2013lot,
  title={Lot sizing with carbon emission constraints},
  author={Absi, Nabil and Dauz{\`e}re-P{\'e}r{\`e}s, St{\'e}phane and Kedad-Sidhoum, Safia and Penz, Bernard and Rapine, Christophe},
  journal={European Journal of Operational Research},
  volume={227},
  number={1},
  pages={55--61},
  year={2013}
}

@article{mouzon2007operational,
  title={Operational methods for minimization of energy consumption of manufacturing equipment},
  author={Mouzon, Gilles and Yildirim, Mehmet B and Twomey, Janet},
  journal={International Journal of Production Research},
  volume={45},
  number={18-19},
  pages={4247--4271},
  year={2007}
}

@article{artigues2013energy,
  title={The energy scheduling problem: Industrial case-study and constraint propagation techniques},
  author={Artigues, Christian and Lopez, Pierre and Ha{\"\i}t, Alain},
  journal={International Journal of Production Economics},
  volume={143},
  number={1},
  pages={13--23},
  year={2013}
}

@article{defersha2012mathematical,
  title={Mathematical model and parallel genetic algorithm for hybrid flexible flowshop lot streaming problem},
  author={Defersha, Fantahun Melaku and Chen, Mingyuan},
  journal={The International Journal of Advanced Manufacturing Technology},
  volume={62},
  number={1-4},
  pages={249--265},
  year={2012}
}

@article{floudas2005mixed,
  title={Mixed integer linear programming in process scheduling: Modeling, algorithms, and applications},
  author={Floudas, Christodoulos A and Lin, Xiaoxia},
  journal={Annals of Operations Research},
  volume={139},
  number={1},
  pages={131--162},
  year={2005},
  publisher={Springer}
}

@techreport{queyranne1994,
 title={Polyhedral Approaches to Machine Scheduling},
 author={M. Queyranne and A.S. Schulz},
 number={409/1994},
 institution={Technical University of Berlin},
 year={1994}
 }
 
@inproceedings{neron2001,
author={G. Riotteau and O.Scaloni and E. N\'eron},
title={Ordonnancement sur des machines identiques avec splitting et temps de pr\'eparation d\'ependant de la sequence},
booktitle={MOSIM '01 : conference francophone de mod\'elisation et simulation},
year={2001}
}

@article{nataff2015,
author={M. Nattaf and C. Artigues and P. Lopez},
title={A hybrid exact method for a scheduling problem with a continuous resource and energy constraints},
volume={DOI: 10.1007/s10601-015-9192-z},
journal={Constraints},
year={2015}
}

@article{KALM10d,
  author = {Oumar Kon\'e and Christian Artigues and Pierre Lopez and Marcel Mongeau},
  title = {Comparison of mixed integer linear programming models for the
resource-constrained project scheduling problem with consumption
and production of resources},
  year = {2013},
  journal = {Flexible Systems and Management Journal},
  volume = {25},
  number = {1-2},
  pages = {25--47}
}
